<record><leader>00000cas a22000007a 4500</leader><controlfield tag="001">12964129</controlfield><controlfield tag="008">860102d190419uuwiudr ne      0    0eng d</controlfield><datafield ind1=" " ind2=" " tag="010"><subfield code="a">sn 86086003 </subfield></datafield><datafield ind1=" " ind2=" " tag="040"><subfield code="a">NPV</subfield><subfield code="b">eng</subfield><subfield code="c">NPV</subfield><subfield code="d">OCLCQ</subfield></datafield><datafield ind1=" " ind2=" " tag="042"><subfield code="a">msc</subfield></datafield><datafield ind1="0" ind2=" " tag="130"><subfield code="a">Oshkosh daily times (Oshkosh, Wis. : 1904)</subfield></datafield><datafield ind1="1" ind2="4" tag="245"><subfield code="a">The Oshkosh daily times.</subfield></datafield><datafield ind1="1" ind2="3" tag="246"><subfield code="a">Oshkosh times</subfield></datafield><datafield ind1=" " ind2=" " tag="260"><subfield code="a">Oshkosh, Wis. :</subfield><subfield code="b">[s.n.]</subfield></datafield><datafield ind1=" " ind2=" " tag="300"><subfield code="a">v.</subfield></datafield><datafield ind1=" " ind2=" " tag="310"><subfield code="a">Daily</subfield></datafield><datafield ind1="1" ind2=" " tag="362"><subfield code="a">Began in 1904.</subfield></datafield><datafield ind1=" " ind2=" " tag="588"><subfield code="a">Description based on: Vol. 23, no. 288 (Dec. 7, 1904).</subfield></datafield><datafield ind1=" " ind2=" " tag="752"><subfield code="a">United States</subfield><subfield code="b">Wisconsin</subfield><subfield code="c">Winnebago</subfield><subfield code="d">Oshkosh.</subfield></datafield><datafield ind1="0" ind2=" " tag="775"><subfield code="t">Oshkosh weekly times</subfield><subfield code="w">(DLC)sn 85041604</subfield></datafield><datafield ind1="0" ind2="0" tag="780"><subfield code="t">Oshkosh times (Oshkosh, Wis. : 1887 : daily)</subfield><subfield code="w">(DLC)sn 86086002</subfield></datafield></record>